<record><leader>00000cas a22000007a 4500</leader><controlfield tag="001">27140451</controlfield><controlfield tag="008">921218d19221930arumr ne      0    0eng d</controlfield><datafield ind1=" " ind2=" " tag="010"><subfield code="a">sn 92060624 </subfield></datafield><datafield ind1=" " ind2=" " tag="040"><subfield code="a">YOX</subfield><subfield code="b">eng</subfield><subfield code="c">YOX</subfield><subfield code="d">OCLCQ</subfield><subfield code="d">KRTAS</subfield><subfield code="d">OCLCQ</subfield><subfield code="d">OCLCF</subfield><subfield code="d">OCLCO</subfield></datafield><datafield ind1="1" ind2=" " tag="029"><subfield code="a">AU@</subfield><subfield code="b">000020717644</subfield></datafield><datafield ind1=" " ind2=" " tag="042"><subfield code="a">msc</subfield></datafield><datafield ind1="0" ind2="4" tag="245"><subfield code="a">The Cotton Association news.</subfield></datafield><datafield ind1=" " ind2=" " tag="260"><subfield code="a">Little Rock, Ark. :</subfield><subfield code="b">Arkansas Cotton Growers Cooperative Association</subfield></datafield><datafield ind1=" " ind2=" " tag="300"><subfield code="a">v.</subfield></datafield><datafield ind1=" " ind2=" " tag="310"><subfield code="a">Monthly,</subfield><subfield code="b">Jan. 10, 1928-Oct. 10, 1930</subfield></datafield><datafield ind1=" " ind2=" " tag="321"><subfield code="a">Semimonthly,</subfield><subfield code="b">&lt;July 5, 1922&gt;-Dec. 10, 1927</subfield></datafield><datafield ind1="1" ind2=" " tag="362"><subfield code="a">Began in 1922?</subfield></datafield><datafield ind1="0" ind2=" " tag="362"><subfield code="a">-v. 9, no. 4 (Oct. 10, 1930).</subfield></datafield><datafield ind1=" " ind2=" " tag="500"><subfield code="a">Published in: Memphis, Tenn., Apr. 21-Oct. 10, 1930.</subfield></datafield><datafield ind1=" " ind2=" " tag="515"><subfield code="a">Vol. 1, no. 12-16 (Oct. 20, 1922-Jan. 20, 1923) incorrectly called v. 1, no. 11-15; v. 2, no. 1-2 (May 5-20, 1923) incorrectly called v. 1, no. 25-26.</subfield></datafield><datafield ind1=" " ind2=" " tag="515"><subfield code="a">Issues for Aug.-Sept., 1929, v. 8, no. 2 and 3 combined.</subfield></datafield><datafield ind1=" " ind2=" " tag="515"><subfield code="a">Two issues were published for May 1930 resulting in 13 nos. for v. 8.</subfield></datafield><datafield ind1=" " ind2=" " tag="550"><subfield code="a">"The official publication of the Mid-South Cotton Growers Association," Mar. 25-Oct. 10, 1930.</subfield></datafield><datafield ind1=" " ind2=" " tag="588"><subfield code="a">Description based on: Vol. 1, no. 5 (July 5, 1922).</subfield></datafield><datafield ind1=" " ind2="0" tag="650"><subfield code="a">Cotton trade</subfield><subfield code="v">Newspapers.</subfield></datafield><datafield ind1=" " ind2="4" tag="651"><subfield code="a">Little Rock (Ark.)</subfield><subfield code="v">Newspapers.</subfield></datafield><datafield ind1=" " ind2="4" tag="651"><subfield code="a">Memphis (Tenn.)</subfield><subfield code="v">Newspapers.</subfield></datafield><datafield ind1=" " ind2="7" tag="655"><subfield code="a">Newspapers.</subfield><subfield code="2">fast</subfield><subfield code="0">(OCoLC)fst01423814</subfield></datafield><datafield ind1=" " ind2="7" tag="650"><subfield code="a">Cotton trade.</subfield><subfield code="2">fast</subfield><subfield code="0">(OCoLC)fst00881080</subfield></datafield><datafield ind1="2" ind2=" " tag="710"><subfield code="a">Arkansas Cotton Growers Association.</subfield></datafield><datafield ind1="2" ind2=" " tag="710"><subfield code="a">Mid-South Cotton Growers Association.</subfield></datafield><datafield ind1=" " ind2=" " tag="752"><subfield code="a">United States</subfield><subfield code="b">Arkansas</subfield><subfield code="c">Pulaski</subfield><subfield code="d">Little Rock.</subfield></datafield><datafield ind1=" " ind2=" " tag="752"><subfield code="a">United States</subfield><subfield code="b">Tennessee</subfield><subfield code="c">Scotland</subfield><subfield code="d">Memphis.</subfield></datafield><datafield ind1="0" ind2="0" tag="785"><subfield code="t">Mid-South Cotton Association news</subfield><subfield code="w">(DLC)sn 92060625</subfield></datafield><datafield ind1=" " ind2=" " tag="938"><subfield code="a">Kirtas Technologies, Inc.</subfield><subfield code="b">KRTS</subfield><subfield code="n">740558</subfield></datafield></record>